<record><leader>00000cas a22000007a 4500</leader><controlfield tag="001">30050468</controlfield><controlfield tag="008">940329d195u1954ncudn ne      0    0eng d</controlfield><datafield ind1=" " ind2=" " tag="010"><subfield code="a">sn 94058202 </subfield></datafield><datafield ind1=" " ind2=" " tag="040"><subfield code="a">NVJ</subfield><subfield code="b">eng</subfield><subfield code="c">NVJ</subfield><subfield code="d">OCLCQ</subfield></datafield><datafield ind1=" " ind2=" " tag="042"><subfield code="a">msc</subfield></datafield><datafield ind1="0" ind2=" " tag="130"><subfield code="a">Jacksonville daily news (Jacksonville, N.C.)</subfield></datafield><datafield ind1="1" ind2="0" tag="245"><subfield code="a">Jacksonville daily news.</subfield></datafield><datafield ind1=" " ind2=" " tag="260"><subfield code="a">Jacksonville, N.C. :</subfield><subfield code="b">Jacksonville Daily News Co.</subfield></datafield><datafield ind1=" " ind2=" " tag="300"><subfield code="a">v.</subfield></datafield><datafield ind1=" " ind2=" " tag="310"><subfield code="a">Daily (Mon.-Sat.),</subfield><subfield code="b">Jan. 23, 1954-</subfield></datafield><datafield ind1=" " ind2=" " tag="321"><subfield code="a">Daily (Mon.-Fri.),</subfield><subfield code="b">&lt;Jan. 4, 1954&gt;-Jan. 22, 1954</subfield></datafield><datafield ind1="0" ind2=" " tag="362"><subfield code="a">-v. 18, no. 36 (Feb. 16, 1954).</subfield></datafield><datafield ind1=" " ind2=" " tag="588"><subfield code="a">Description based on: Vol. 18, no. 1 (Jan. 4, 1954).</subfield></datafield><datafield ind1=" " ind2=" " tag="752"><subfield code="a">United States</subfield><subfield code="b">North Carolina</subfield><subfield code="c">Onslow</subfield><subfield code="d">Jacksonville.</subfield></datafield><datafield ind1="0" ind2="0" tag="780"><subfield code="t">Jacksonville daily news and views</subfield><subfield code="w">(DLC)sn 92074062</subfield></datafield><datafield ind1="0" ind2="0" tag="785"><subfield code="t">Daily news (Jacksonville, N.C.)</subfield><subfield code="w">(DLC)sn 84002327</subfield></datafield></record>